% $Id$

@unpublished{SR01,
	author = {Wojciech Domski},
	title = {{Sterowniki robotów, Laboratorium -- Wprowadzenie, Wykorzystanie narzędzi STM32CubeMX oraz SW4STM32 do budowy programu mrugającej diody z obsługą przycisku}},
	OPTnote = {\url{http://edu.domski.pl}},
	month = Mar,
	year = 2017,
}





















